%! Author = aram
%! Date = 05.09.24

